<record><leader>00000cas a2200000 i 4500</leader><controlfield tag="001">858922325</controlfield><controlfield tag="006">m     o  d        </controlfield><controlfield tag="007">cr |||||||||||</controlfield><controlfield tag="008">130925d18711883txuwr neo     0   a0eng  </controlfield><datafield ind1=" " ind2=" " tag="010"><subfield code="a">  2013218988</subfield></datafield><datafield ind1=" " ind2=" " tag="040"><subfield code="a">DLC</subfield><subfield code="b">eng</subfield><subfield code="e">rda</subfield><subfield code="c">DLC</subfield><subfield code="d">DLC</subfield><subfield code="d">OCLCF</subfield></datafield><datafield ind1="0" ind2=" " tag="022"><subfield code="a">2331-3250</subfield><subfield code="2">1</subfield></datafield><datafield ind1="1" ind2=" " tag="029"><subfield code="a">NZ1</subfield><subfield code="b">15124808</subfield></datafield><datafield ind1=" " ind2=" " tag="042"><subfield code="a">pcc</subfield><subfield code="a">nsdp</subfield></datafield><datafield ind1=" " ind2=" " tag="043"><subfield code="a">n-us-tx</subfield></datafield><datafield ind1="1" ind2="0" tag="050"><subfield code="a">ISSN RECORD</subfield></datafield><datafield ind1="0" ind2="0" tag="082"><subfield code="a">071</subfield><subfield code="2">23</subfield></datafield><datafield ind1="0" ind2=" " tag="130"><subfield code="a">Weekly democratic statesman (Online)</subfield></datafield><datafield ind1=" " ind2="4" tag="222"><subfield code="a">The weekly democratic statesman</subfield><subfield code="b">(Online)</subfield></datafield><datafield ind1="1" ind2="4" tag="245"><subfield code="a">The weekly democratic statesman.</subfield></datafield><datafield ind1="1" ind2="3" tag="246"><subfield code="a">Weekly statesman</subfield></datafield><datafield ind1=" " ind2="1" tag="264"><subfield code="a">Austin, Texas :</subfield><subfield code="b">Statesman Publishing Company,</subfield><subfield code="c">1871-1883.</subfield></datafield><datafield ind1=" " ind2=" " tag="300"><subfield code="a">1 online resource</subfield></datafield><datafield ind1=" " ind2=" " tag="310"><subfield code="a">Weekly</subfield></datafield><datafield ind1=" " ind2=" " tag="336"><subfield code="a">text</subfield><subfield code="b">txt</subfield><subfield code="2">rdacontent</subfield></datafield><datafield ind1=" " ind2=" " tag="337"><subfield code="a">computer</subfield><subfield code="b">c</subfield><subfield code="2">rdamedia</subfield></datafield><datafield ind1=" " ind2=" " tag="338"><subfield code="a">online resource</subfield><subfield code="b">cr</subfield><subfield code="2">rdacarrier</subfield></datafield><datafield ind1="1" ind2=" " tag="362"><subfield code="a">Began with vol. I, no. 1 (August 1, 1871); ceased June 28, 1883.</subfield></datafield><datafield ind1=" " ind2=" " tag="580"><subfield code="a">Daily edition: Democratic statesman (Austin, Tex. : 1871), 1871-187u; Daily democratic statesman (Austin, Tex. : 1873), 1873-1880; Austin daily statesman (Austin, Tex. : 1880), 1880-1883.</subfield></datafield><datafield ind1=" " ind2=" " tag="588"><subfield code="a">Description based on: Vol. I, no. 1 (August 1, 1871); title from masthead (Chroniclingamerica.loc.gov, viewed September 25, 2013).</subfield></datafield><datafield ind1=" " ind2=" " tag="588"><subfield code="a">Latest issue consulted: Vol. XII, no. 36 (April 12, 1883) (Chroniclingamerica.loc.gov, viewed September 25, 2013).</subfield></datafield><datafield ind1=" " ind2="0" tag="651"><subfield code="a">Austin (Tex.)</subfield><subfield code="v">Newspapers.</subfield></datafield><datafield ind1=" " ind2="7" tag="655"><subfield code="a">Newspapers.</subfield><subfield code="2">fast</subfield><subfield code="0">(OCoLC)fst01423814</subfield></datafield><datafield ind1=" " ind2="7" tag="651"><subfield code="a">Texas</subfield><subfield code="z">Austin.</subfield><subfield code="2">fast</subfield><subfield code="0">(OCoLC)fst01204313</subfield></datafield><datafield ind1=" " ind2=" " tag="752"><subfield code="a">United States</subfield><subfield code="b">Texas</subfield><subfield code="c">Travis</subfield><subfield code="d">Austin.</subfield></datafield><datafield ind1="1" ind2=" " tag="775"><subfield code="t">Democratic statesman (Austin, Tex. : 1871 : Online)</subfield></datafield><datafield ind1="1" ind2=" " tag="775"><subfield code="t">Daily democratic statesman (Austin, Tex. : 1873 : Online)</subfield></datafield><datafield ind1="1" ind2=" " tag="775"><subfield code="t">Austin daily statesman (Austin, Tex. : 1880 : Online)</subfield></datafield><datafield ind1="0" ind2="8" tag="776"><subfield code="i">Originally issued in print:</subfield><subfield code="t">Weekly democratic statesman</subfield><subfield code="x">2331-3242</subfield><subfield code="w">(DLC)sn 83021327</subfield><subfield code="w">(OCoLC)10125278</subfield></datafield><datafield ind1="0" ind2="0" tag="785"><subfield code="t">Austin weekly statesman (Online)</subfield><subfield code="x">2331-6527</subfield><subfield code="w">(DLC)  2013272050</subfield><subfield code="w">(OCoLC)861289251</subfield></datafield><datafield ind1="4" ind2="0" tag="856"><subfield code="u">http://chroniclingamerica.loc.gov/lccn/sn83021327/issues</subfield></datafield></record>